@book{Hungerford2003,
title={Algebra},
author={Hungerford, T.W.},
isbn={9780387905181},
series={Graduate Texts in Mathematics},
year={2003},
publisher={Springer New York}
}


@thesis{Schmucker2023,
author = {Johannes Schmucker},
title = {Faktorisierung von $2\times 2$ Matrizen über $\mathbb{N}$},
type = {Bachelor's thesis},
institution = {Alpen-Adria-Universität Klagenfurt},
year = {2023}
}

}

@misc{Schmucker,
author = {Johannes Schmucker},
year = {2022--2023},
howpublished = {Personal communications}
}