@book{Hungerford2003,
title={Algebra},
author={Hungerford, T.W.},
isbn={9780387905181},
series={Graduate Texts in Mathematics},
year={2003},
publisher={Springer New York}
}


